<record><leader>00000cas a2200000 a 4500</leader><controlfield tag="001">44871565</controlfield><controlfield tag="008">000824d19661992iluwr ne      0   a0eng c</controlfield><datafield ind1=" " ind2=" " tag="010"><subfield code="a">sn2006060310</subfield></datafield><datafield ind1=" " ind2=" " tag="040"><subfield code="a">JBO</subfield><subfield code="b">eng</subfield><subfield code="c">JBO</subfield><subfield code="d">OCLCQ</subfield><subfield code="d">CVF</subfield><subfield code="d">OCLCQ</subfield><subfield code="d">OCLCF</subfield><subfield code="d">OCLCO</subfield><subfield code="d">NVF</subfield></datafield><datafield ind1=" " ind2=" " tag="042"><subfield code="a">pcc</subfield></datafield><datafield ind1=" " ind2=" " tag="043"><subfield code="a">n-us-il</subfield></datafield><datafield ind1="0" ind2=" " tag="130"><subfield code="a">Rockford journal (Rockford, Ill. : 1966)</subfield></datafield><datafield ind1="1" ind2="0" tag="245"><subfield code="a">Rockford journal.</subfield></datafield><datafield ind1=" " ind2=" " tag="260"><subfield code="a">Rockford, Ill. :</subfield><subfield code="b">R.N. Stone</subfield></datafield><datafield ind1=" " ind2=" " tag="300"><subfield code="a">26 volumes :</subfield><subfield code="b">illustrations ;</subfield><subfield code="c">41 cm.</subfield></datafield><datafield ind1=" " ind2=" " tag="310"><subfield code="a">Weekly</subfield></datafield><datafield ind1="1" ind2=" " tag="362"><subfield code="a">Began in 1966?</subfield></datafield><datafield ind1="0" ind2=" " tag="362"><subfield code="a">-v. 26, no. 11 (Mar. 12, 1992).</subfield></datafield><datafield ind1=" " ind2=" " tag="588"><subfield code="a">Description based on: Vol. 9, no. 14 (June 5, 1975).</subfield></datafield><datafield ind1=" " ind2="0" tag="651"><subfield code="a">Rockford (Ill.)</subfield><subfield code="v">Newspapers.</subfield></datafield><datafield ind1=" " ind2="7" tag="651"><subfield code="a">Illinois</subfield><subfield code="z">Rockford.</subfield><subfield code="2">fast</subfield><subfield code="0">(OCoLC)fst01208839</subfield></datafield><datafield ind1=" " ind2="7" tag="655"><subfield code="a">Newspapers.</subfield><subfield code="2">fast</subfield><subfield code="0">(OCoLC)fst01423814</subfield></datafield><datafield ind1=" " ind2=" " tag="752"><subfield code="a">United States</subfield><subfield code="b">Illinois</subfield><subfield code="c">Winnebago County</subfield><subfield code="d">Rockford.</subfield></datafield><datafield ind1="0" ind2="1" tag="785"><subfield code="t">Parks journal (Loves Park, Ill.)</subfield><subfield code="w">(DLC)sn2002061116</subfield><subfield code="w">(OCoLC)49828869</subfield></datafield><datafield ind1="0" ind2="1" tag="785"><subfield code="t">Westside journal</subfield></datafield><datafield ind1="0" ind2="1" tag="785"><subfield code="t">Northeast journal</subfield></datafield><datafield ind1="0" ind2="1" tag="785"><subfield code="t">Southeast journal</subfield></datafield><datafield ind1="1" ind2=" " tag="029"><subfield code="a">AU@</subfield><subfield code="b">000040687103</subfield></datafield></record>